<?xml version="1.0" encoding="UTF-8"?><collection xmlns="http://www.loc.gov/MARC21/slim"><record><leader>00323nam--2200109-i-4500</leader><controlfield tag="001">000046236</controlfield><controlfield tag="002">20161230</controlfield><controlfield tag="005">20161230201045</controlfield><controlfield tag="008">060222s1000------------r-----000-0-eng-d</controlfield><datafield ind1=" " ind2=" " tag="245"><subfield code="a">Unmeasured hazards. an analysis of the effects of tests of atomic and thermonuclear weapons</subfield></datafield><datafield ind1=" " ind2=" " tag="260"><subfield code="a">London, W.F.S.W., 1956, 40p</subfield></datafield><datafield ind1=" " ind2=" " tag="852"><subfield code="a">19410</subfield></datafield></record></collection>